@misc{cdc2021wonder,
  author       = {{CDC} and {NCHS}},
  title        = {National Vital Statistics System, Mortality 1999--2020 on CDC WONDER Online Database},
  year         = {2021},
  howpublished = {\url{https://wonder.cdc.gov/ucd-icd10.html}},
}

@misc{cdc2024wonder,
  author       = {{CDC} and {NCHS}},
  title        = {National Vital Statistics System, Mortality 2018--2023 on CDC WONDER Online Database},
  year         = {2024},
  howpublished = {\url{https://wonder.cdc.gov/ucd-icd10-expanded.html}},
}
