@article{Dirac1953888,
  title   = "The {Lorentz} transformation and absolute time",
  journal = "Physica ",
  volume  = "19",
  number  = "1-â€“12",
  pages   = "888--896",
  year    = "1953",
  doi     = "10.1016/S0031-8914(53)80099-6",
  author  = "P. A. M. Dirac"
}

@article{Feynman1963118,
  title   = "The theory of a general quantum system interacting with a linear dissipative system",
  journal = "Annals of Physics ",
  volume  = "24",
  pages   = "118--173",
  year    = "1963",
  doi     = "10.1016/0003-4916(63)90068-X",
  author  = "R. P Feynman and F. L {Vernon Jr.}"
}


@misc{cdc2021wonder,
  author       = {{Centers for Disease Control and Prevention} and {National Center for Health Statistics}},
  title        = {National Vital Statistics System, Mortality 1999--2020 on CDC WONDER Online Database},
  year         = {2021},
  howpublished = {\url{https://wonder.cdc.gov/ucd-icd10.html}},
  note         = {Data are from the Multiple Cause of Death Files, 1999--2020, as compiled from data provided by the 57 vital statistics jurisdictions through the Vital Statistics Cooperative Program. Accessed on April 28, 2025 at 8:40 PM}
}

@misc{cdc2024wonder,
  author       = {{Centers for Disease Control and Prevention} and {National Center for Health Statistics}},
  title        = {National Vital Statistics System, Mortality 2018--2023 on CDC WONDER Online Database},
  year         = {2024},
  howpublished = {\url{https://wonder.cdc.gov/ucd-icd10-expanded.html}},
  note         = {Data are from the Multiple Cause of Death Files, 2018--2023, as compiled from data provided by the 57 vital statistics jurisdictions through the Vital Statistics Cooperative Program. Accessed on April 28, 2025 at 7:03 PM}
}
